@misc{xuxiao.2015,
    note = "徐潇, 李远.《MATLAB面向对象编程-从入门到设计模式》",
    key = "xu",}
@misc{zhangdefeng,
    note = "张德丰.《详解MATLAB图形控制技术》",
    key = "zhang",}

@article{1996.Freund,
    author = "Freund Y",
    title = "Experiments with a new boosting algorithm",
    year = "1996",}
