%此参考文献不全

@misc{Wang.2007,
    note = "王红莲.链接函数(Coupla)理论及其在金融中的应用.上海财经大学.硕士学位论文",
    key = "Wang",}
@misc{Xie,
    note = "谢中华.MATLAB统计分析与应用40个案例分析",
    key = "Xie",}
    
@misc{Zhang.2014,
    note = "2014.张连增.Copula的参数与半参数估计方法的比较",
    key = "Zhang",}    

@misc{Wang.2011,
    note = "2011.王丽芳.基于copula理论的分布估计算法研究.兰州理工大学.博士学位论文",
    key = "Wang",} 
@misc{Wu.2010,
    note = "2010.吴娟.基于copula理论的分布估计算法研究.华中科技大学.博士学位论文",
    key = "Wu",} 

@article{Efron,
    author = "Efron B", 
    title = "Bootstraping Method:Another look at the Jacknife",
    year = "1973",}%未用---这是格式