@misc{Wang.2007,
    note = "王红莲.链接函数(Coupla)理论及其在金融中的应用.上海财经大学.硕士学位论文",
    key = "Wang",}

@article{2008.Vincent,
    author = "Vincent",
    title = "Extracting and composing robust features with denosing autocoders",
    year = "2008",}
@article{2014.Chen,
    author = "Chen.M",
    title = "Marginalized Denoising auto-encoders for nonlinear representation",
    year = "2014",}
@article{2011.Salah,
    author = "Salah Rifai",
    title = "Contractive Auto-Encoders: Explicit Invariance",
    year = "2011",}
    Kingma D P, Welling M. Stochastic Gradient VB and the Variational Auto-Encoder
@article{2014.Kingma,
    author = "Kingma D P, Welling M",
    title = "Stochastic Gradient VB and the Variational Auto-Encoder",
    year = "2014",}
Burda. Importance Weighted Autoencoders
@article{2016.Burda,
    author = "Burda",
    title = "Importance Weighted Autoencoders",
    year = "2016",}
    2016.LVAE.Ladder Variational Autoencoders
@article{2016.Casper,
    author = "Casper Kaae Sonderby,Tapani Raiko,Lars Maaloe",
    title = "Ladder Variational Autoencoders",
    year = "2016",}
@article{2016.Rolfe,
    author = "Rolfe",
    title = "Discrete Variational Autoencoders",
    year = "2016",}
@article{2016.Suwon,
    author = "Suwon Suh and Seungjin Choi",
    title = "Gaussian Copula Variational Autoencoders for Mixed Data",
    year = "2016",}

@article{2015.Sergey,
    author = "Sergey Ioffe,Christian Szegedy",
    title = "Batch Normalization Accelerating Deep Network Training by Reducing Internal Covariate Shift",
    year = "2015",}


@article{2015.Szegedy,
    author = "Christian Szegedy,Vincent Vanhoucke,Sergey Ioffe,Jonathon Shlens",
    title = "Rethinking the Inception Architecture for Computer Vision",
    year = "2015",}
@article{2016.Szegedy,
    author = "Christian Szegedy,Sergey Ioffe,Vincent Vanhoucke",
    title = "Inception-v4, Inception-ResNet and the Impact of Residual Connections on Learning",
    year = "2016",}
',
@article{2014.KarenSzegedy,
    author = "Karen Simonyan,Andrew Zisserman",
    title = "Very Deep Convolutional Networks for Large-Scale Image Recognition",
    year = "2014",}
.
@article{2015.HeKaiming,
    author = "Kaiming He,Xiangyu Zhang,Shaoqing Ren,Jian Sun",
    title = "Deep Residual Learning for Image Recognition",
    year = "2015",}

@article{2015.Rupesh,
    author = "Rupesh Kumar Srivastava,Klaus Greff,Jürgen Schmidhuber",
    title = "Highway Networks",
    year = "2015",}
@article{2016.Kaiming,
    author = "Kaiming He, Xiangyu Zhang, Shaoqing Ren, and Jian Sun",
    title = "Identity Mappings in Deep Residual Networks",
    year = "2016",}
@article{2016.Andreas,
    author = "Andreas Veit,Michael Wilber,Serge Belongie",
    title = "Residual Networks are Exponential Ensembles of Relatively Shallow Networks",
    year = "2016",}
@article{2016.Zhang,
    author = "Zhang K, Sun M, Han T X",
    title = "Residual Networks of Residual Networks:Multilevel Resdual Networks",
    year = "2016",}

@article{2016.Abdi,
    author = "Abdi M, Nahavandi S",
    title = "Multi-Residual Networks Improving the Speed and Accuracy of Residual Networks",
    year = "2016",}

@article{2016.Zagoruyko,
    author = "Zagoruyko S, Komodakis N.",
    title = "Wide Residual Networks",
    year = "2016",}

@article{2016.Brian,
    author = "Brian Chu",
    title = "Visualing Resdual Networks",
    year = "2016",}
@article{2016.Gao,
    author = "Gao Huang",
    title = "Deep Networks with Stochastic Depth",
    year = "2016",}
@article{2016.Gustav,
    author = "Gustav Larsson,Michael Maire,Gregory Shakhnarovich",
    title = "FractalNet Ultra-Deep Neural Networks without Residual",
    year = "2016",}
@article{2014.Christian,
    author = "Christian Szegedy,Wei Liu,Yangqing Jia,Pierre Sermanet",
    title = "Going deeper with convolutions",
    year = "2014",}

@article{2014.Goodfellow,
    author = "Goodfellow I, Pouget-Abadie J, Mirza M",
    title = "Generative adversarial nets",
    year = "2014",}
@article{2016.Sebastian,
    author = "Sebastian Nowozin",
    title = "f-GAN:Training Generative Neural Samplers using Variational Divergence Minimization",
    year = "2016",}
@article{2017.Tong,
    author = "Tong Che,Yoshua Bengio",
    title = "Maximum-Likelihood Augmented Discrete Generative Adversarial Networks",
    year = "2017",}

@article{2014.Mirza,
    author = "Mirza M, Osindero S",
    title = "Conditional Generative Adversarial Nets",
    year = "2014",}
@article{2016.Tong,
    author = "Tong Che, Yoshua Bengio, Wenjie Li",
    title = "Mode Regularized GAN",
    year = "2016",}

@article{2015.Radford,
    author = "Radford A, Metz L, Chintala S",
    title = "Unsupervised representation learning with deep convolutional generative adversarial networks",
    year = "2015",}

@article{2015.Denton,
    author = "Denton E L, Chintala S, Fergus R",
    title = "Deep Generative Image Models using a Laplacian Pyramid of Adversarial Networks",
    year = "2015",}
@article{2016.Tim,
    author = "Tim Salimans, Ian Goodfellow, Wojciech Zaremba,Vicki Cheung,Alec Radford,Xi Chen",
    title = "Improved Techniques for Training GANs",
    year = "2016",}

2017.04.
@article{2017.Ishaan,
    author = "Ishaan Gulrajani, Faruk Ahmed, Martin Arjovsky, Vincent Dumoulin, Aaron Courville ",
    title = "Improved Training of Wasserstein GANs",
    year = "2017",}

@article{2017.David,
    author = "David Berthelot, Thomas Schumm, Luke Metz",
    title = "Boundary Equilibrium Generative Adversarial Networks",
    year = "2017",}
2016.09.03126.
@article{2016.Junbo,
    author = "Junbo Zhao, Michael Mathieu and Yann LeCun",
    title = "Energy Based Generative Adversarial Networks",
    year = "2016",}

GRAN
Im D J, Kim C D, Jiang H, et al. Generating images with recurrent adversarial networks[J]. arXiv preprint arXiv:1602.05110, 2016.

GAN + VAE
Larsen A B L, Sønderby S K, Winther O. Autoencoding beyond pixels using a learned similarity metric[J]. arXiv preprint arXiv:1512.09300, 2015.

Structure-GAN + Style-GAN
Wang X, Gupta A. Generative Image Modeling using Style and Structure Adversarial Networks[J]. arXiv preprint arXiv:1603.05631, 2016.

@article{2017.Arjovsky,
    author = "Arjovsky M, Bottou L",
    title = "Towards Principled Methods for Training Generative Adversarial Networks",
    year = "2017",}
@article{2017.Martin,
    author = "Martin Arjovsky",
    title = "Wasserstein GAN",
    year = "2017",}
@article{2017.Chen,
    author = "Chen X, Duan Y, Houthooft R",
    title = "InfoGAN: Interpretable Representation Learning by Information Maximizing Generative Adversarial Nets",
    year = "2017",}
@article{2014.MinLin,
    author = "Min Lin, Qiang Chen, Shuicheng Yan ",
    title = "Network In Network",
    year = "2014",}



现实世界的对抗样本 Adversarial example
Kurakin A, Goodfellow I, Bengio S. Adversarial examples in the physical world[J]. arXiv preprint arXiv:1607.02533, 2016.

Salimans T, Goodfellow I, Zaremba W, et al.
Improved Techniques for Training GANs[J]. arXiv preprint arXiv:1606.03498, 2016.

半监督：extend Generative Adversarial Networks(GANs) to the semi-supervised context by forcing the discriminator network to output class labels.
l  Odena A. Semi-Supervised Learning with Generative Adversarial Networks[J]. arXiv preprint arXiv:1606.01583, 2016.

A method for learning a discriminative classifier from unlabeled or partially labeled data
Springenberg J T. Unsupervised and Semi-supervised Learning with Categorical Generative Adversarial Networks[J]. arXiv preprint arXiv:1511.06390, 2015.





















