@misc{Sun.2006,
    note = "孙军伟.基于SQP方法的常推力月球软着陆轨道优化方法.哈工大.宇 航 学 报",
    key = "Sun",}
@misc{Li,
    note = "李乃成,梅立泉.数值分析",
    key = "li",}

@misc{Hu,
    note = "胡健伟,冯怀民.微分方程数值方法",
    key = "Hu",}
@misc{Chen,
    note = "陈传淼.科学计算概率",
    key = "Chen",}
@misc{Zhao,
    note = "赵吉松.月球轨道优化快速时间逼近",
    key = "Zhao",}

@misc{Zhou,
    note = "周净扬.月球探测器软着陆精确建模及最优轨道设计.哈工大.宇航学报",
    key = "Zhou",}

@article{2008.Vincent,
    author = "Vincent",
    title = "Extracting and composing robust features with denosing autocoders",
    year = "2008",}

