@misc{Wang.2007,
    note = "王红莲.链接函数(Coupla)理论及其在金融中的应用.上海财经大学.硕士学位论文",
    key = "Wang",}

@article{2005.Krizhershy,
    author = "Krizhershy", 
    title = "ImageNet Classification with Deep Convolutional Neural Networks",
    year = "2005",}
@article{Kaiming,
    author = "Kaiming He", 
    title = "Delving Deeo into Rectifier:Surpassing Human-Level Performance on ImageNet Classification",
    year = "2005",}
    
@article{1992.Neal,
    author = "Neal", 
    title = "Conectionist learning of BM",
    year = "1992",}

@article{1999.Jorden.M,
    author = "Jorden.M", 
    title = "An introduntion to variaational methods for graphical models",
    year = "1999",}
